@article{kuramoto1975,
  title={Self-entrainment of a population of coupled non-linear oscillators},
  author={Kuramoto, Yoshiki},
  journal={International Symposium on Mathematical Problems in Theoretical Physics},
  year={1975}
}

@article{strogatz2000,
  title={From Kuramoto to Crawford: exploring the onset of synchronization in populations of coupled oscillators},
  author={Strogatz, Steven H},
  journal={Physica D: Nonlinear Phenomena},
  year={2000}
}

@article{arenas2008,
  title={Synchronization in complex networks},
  author={Arenas, Alex and Díaz-Guilera, Albert and Kurths, Jürgen and Moreno, Yamir and Zhou, Changsong},
  journal={Physics reports},
  year={2008}
}
